@inproceedings{KNP11,
author={M. Kwiatkowska and G. Norman and D. Parker},
title={{PRISM} 4.0: Verification of Probabilistic Real-time Systems},
booktitle={Proc. 23rd International Conference on Computer Aided Verification (CAV'11)},
year={2011},

editor={G. Gopalakrishnan and S. Qadeer},
pages={585--591},
organization={},
publisher={Springer},
series={LNCS},
volume={6806},
address={},
month={},
note={},
key={}
}

@article{DBLP:journals/corr/DehnertJK017,
  author    = {Christian Dehnert and
               Sebastian Junges and
               Joost{-}Pieter Katoen and
               Matthias Volk},
  title     = {A storm is Coming: {A} Modern Probabilistic Model Checker},
  journal   = {CoRR},
  volume    = {abs/1702.04311},
  year      = {2017},
  url       = {http://arxiv.org/abs/1702.04311},
  archivePrefix = {arXiv},
  eprint    = {1702.04311},
  timestamp = {Wed, 07 Jun 2017 14:41:26 +0200},
  biburl    = {https://dblp.org/rec/bib/journals/corr/DehnertJK017},
  bibsource = {dblp computer science bibliography, https://dblp.org}
}

@book{Buchholz:2014:IMP:2683922,
 author = {Buchholz, Peter and Kriege, Jan and Felko, Iryna},
 title = {Input Modeling with Phase-Type Distributions and Markov Models: Theory and Applications},
 year = {2014},
 isbn = {3319066730, 9783319066738},
 publisher = {Springer Publishing Company, Incorporated},
} 